% Encoding: UTF-8
%%%%%%%%%%%%%%%%%%%%%%%%%%%%%%%%%%%%%%%%%%%%%%%%%%%%%%%%%%
%%%%%%%%%%%%%%%% BOOKS %%%%%%%%%%%%%%%%%%%%%%%%%%%%%%%%%%%

@BOOK{porter_competitive_advantage,
  author = "Michael E. Porter",
  edition = "1",
  publisher = "New York: Free Press.",
  title = "Competitive Advantage",
  year = "1980"
}

@book{SzulanskiGabriel2003Sk:b,
series = "Sage strategy series",
publisher = "ebrary",
booktitle = "Sticky knowledge : barriers to knowing in the firm",
isbn = "0761961429",
year = "2003",
title = "Sticky knowledge : barriers to knowing in the firm / Gabriel Szulanski.",
edition = "Elektronisk udgave",
language = "eng",
address = "Palo Alto, Calif",
author = "Szulanski, Gabriel",
keywords = "Knowledge management; Organizational learning; Communication in organizations; Interorganizational relations",
url = "http://site.ebrary.com/lib/aalborguniv/Doc?id=10080955",
}



%%%%%%%%%%%%%%%%%%%%%%%%%%%%%%%%%%%%%%%%%%%%%%%%%%%%%%%%%%
%%%%%%%%%%%%%%%% ARTICLES %%%%%%%%%%%%%%%%%%%%%%%%%%%%%%%%


 
 @ARTICLE{ferdows,
 author = "Kasra Ferdows",
 title = "Transfer of Changing Production Know-How",
 year = "2006",
 journal = "Production And Operations Management. Vol. 15, No. 1, Spring 2006, pp. 1-9"
 }
 
@Article{statista:2015,
  author    = {Statista},
  title     = {Regional breakdown of the global shipbuilding market in 2015, based on borders},
  journal   = {Statista.com},
  year      = {2015},
  timestamp = {2018-03-08},
  url       = {https://www.statista.com/statistics/263399/regional-breakdown-of-the-global-shipbuilding-market-by-contracting/},
}

@Article{camuffo_furlan_romano_vinelli,
  author    = {Arnaldo Camuffo and Andrea Furlan and Pietro Romano and Andrea Vinelli},
  title     = {Routes towards supplier and production network internationalisation},
  journal   = {International Journal of Operations & Production Management, Vol. 27 Issue: 4, pp. 371-387},
  year      = {2007},
}

@Article{mintzberg_5_ps,
  author    = {Henry Mintzberg},
  title     = {The Strategy Concept I: Five Ps for Strategy},
  journal   = {California Management Review. Vol 30, Issue 1, pp. 11-24},
  year      = {1987},
}

@Article{balanced_score_card,
  author    = {Robert S. Kaplan and David P. Norton},
  title     = {The Balanced Scorecard - Measures That Drive Performance},
  journal   = {Harvard Business Review. Review 70, no. 1 pp. 71-79},
  year      = {1992},
}

@Article{strategy_map,
  author    = {Robert S. Kaplan and David P. Norton},
  title     = {Having Trouble with Your Strategy? Then Map It.},
  journal   = {Harvard Business Review. Review 78, no. 5 pp. 167–176},
  year      = {2000},
}

@Article{transfer_knowledge_cheng_madsen_liangsiri,
  author    = {Yang Cheng and Erik Skov Madsen and Jirapha Liangsiri},
  title     = {Transferring knowledge in the relocation of manufacturing units},
  journal   = {Strategic Outsourcing: An International Journal Vol. 3 No. 1, pp. 5-19},
  year      = {2010},
}

%%%%%%%%%%%%%%%%%%%%%%%%%%%%%%%%%%%%%%%%%%%%%%%%%%%%%%%%%%
%%%%%%%%%%%%%%%% URL LINKS %%%%%%%%%%%%%%%%%%%%%%%%%%%%%%%

@Misc{imo,
  author = {International Maritime Organization IMO},
  title  = {Ballast Water Management},
  year   = {2018},
  note   = {[Online; accessed 2-March-2018]},
  url    = {\url{http://www.imo.org/en/OurWork/Environment/BallastWaterManagement/Pages/Default.aspx}},
}

@misc{hexa_research,
  author = "{Hexa Research}",
  title = "Ballast Water Treatment Systems (BWTS) Market Size and Forecast, By Technology (Mechanical Method, Physical Disinfection, Chemical Method), By Type (Dry Tankers, Container Ships, General Cargos, Bulk Carriers), And Trend Analysis, 2014 - 2025",
  year = {2017},
  url = "\url{https://www.hexaresearch.com/research-report/ballast-water-treatment-systems-bwts-market}",
  note = "[Online; accessed 2-March-2018]",
}

%%%%%%%%%%%%%%%%%%%%%%%%%%%%%%%%%%%%%%%%%%%%%%%%%%%%%%%%%%
%%%%%%%%%%%%%%%% Interview %%%%%%%%%%%%%%%%%%%%%%%%%%%%%%%


@MISC{DVandFA,
  author = "Fødevarestyrelsen",
  title = "Fødevarestyrelsen",
  year = {2017},
  url = "\url{https://www.foedevarestyrelsen.dk/english/Pages/default.aspx}",
  note = "[Interview by telephone; 30-October-2017; +45 72 27 69 00]",
}





%%%%%%%%%%%%%%%%%%%%%%%%%%%%%%%%%%%%%%%%%%%%%%%%%%%%%%%%%%
%%%%%%%%%%%%%%%% REPORTS %%%%%%%%%%%%%%%%%%%%%%%%%%%%%%%%

 @ARTICLE{LA_2015_report,
 author = "Lantmännen Unibake",
 title = "Bakery Report",
 year = "2015",
 journal = "Läntmannen Annual Report"
 }
@Article{Szulanski2006,
  author    = {Gabriel Szulanski and Robert J. Jensen},
  title     = {Presumptive adaptation and the effectiveness of knowledge transfer},
  journal   = {Strategic Management Journal},
  year      = {2006},
  volume    = {27},
  number    = {10},
  pages     = {937--957},
  doi       = {10.1002/smj.551},
  publisher = {Wiley-Blackwell},
}

@Misc{mark2018,
  author       = {Mark Kalhøj},
  title        = {Manager of Projects \& Engieering},
  howpublished = {Interview},
  month        = mar,
  year         = {2018},
  note         = {Interviewer; Andreas, Lasse, Rasmus},
}

@Misc{folso2018,
  author       = {Rasmus Folsø},
  title        = {Chief Excutive Officer},
  howpublished = {Interview},
  month        = mar,
  year         = {2018},
  note         = {Interviewer: Andreas, Rasmus, Lasse},
}

@Misc{mogensen2018,
  author       = {Tore Mogensen},
  title        = {Global Supply Chain Manager},
  howpublished = {Interview},
  month        = jan,
  year         = {2018},
  note         = {Interviewer: Andreas, Lasse, Rasmus},
}

@Article{Gioia2012,
  author    = {Dennis A. Gioia and Kevin G. Corley and Aimee L. Hamilton},
  title     = {Seeking Qualitative Rigor in Inductive Research},
  journal   = {Organizational Research Methods},
  year      = {2012},
  volume    = {16},
  number    = {1},
  pages     = {15--31},
  month     = {jul},
  doi       = {10.1177/1094428112452151},
  publisher = {{SAGE} Publications},
}

@Article{williamson1981,
  author    = {Williamson, Oliver E},
  title     = {The economics of organization: The transaction cost approach},
  journal   = {American journal of sociology},
  year      = {1981},
  volume    = {87},
  number    = {3},
  pages     = {548--577},
  publisher = {University of Chicago Press},
}

@Article{Moller2003,
  author    = {Morten M. M{\o}ller and John Johansen and Harry Boer},
  title     = {Managing buyer-supplier relationships and inter-organisational competence development},
  journal   = {Integrated Manufacturing Systems},
  year      = {2003},
  volume    = {14},
  number    = {4},
  pages     = {369--379},
  month     = {jun},
  doi       = {10.1108/09576060310469743},
  publisher = {Emerald},
}

@Book{stevenson,
  title     = {Operations management: Theory and practice},
  publisher = {McGraw-Hill/Irwin},
  year      = {2012},
  author    = {Stevenson, William J},
  volume    = {11},
}

@Electronic{IMO2018,
  author = {{Internation Maritime Organization}},
  year   = {2018},
  title  = {Ballast water management - the control of harmful invasive species},
  note   = {Date retrived: 28-04-2018},
  url    = {http://www.imo.org/en/MediaCentre/HotTopics/BWM/Pages/default.aspx},
}

@Article{amaral2011,
  author    = {Amaral, Jason and Anderson, Edward and Parker, Geoffrey},
  title     = {Putting it together: How to succeed in distributed product development},
  journal   = {MIT Sloan Management Review},
  year      = {2011},
  volume    = {52},
  number    = {2},
  pages     = {51},
  publisher = {Massachusetts Institute of Technology, Cambridge, MA},
}

@Article{ing2018,
  author  = {Ingeniøren},
  title   = {{Guldtip fra graven: Fokusér kun på de 80 procent af helheden}},
  journal = {Ingeniøren},
  year    = {2018},
  note    = {[Online; Accessed 09-05-2018]},
  url     = {\url{https://ing.dk/artikel/guldtip-graven-fokuser-kun-paa-de-80-procent-helheden-212167}},
}

@Article{Werschkun2014,
  author    = {Barbara Werschkun and Sangeeta Banerji and Oihane C. Basurko and Matej David and Frank Fuhr and Stephan Gollasch and Tamara Grummt and Michael Haarich and Awadhesh N. Jha and Stefan Kacan and Anja Kehrer and Jan Linders and Ehsan Mesbahi and Dandu Pughiuc and Susan D. Richardson and Beatrice Schwarz-Schulz and Amisha Shah and Norbert Theobald and Urs von Gunten and Stefanie Wieck and Thomas Höfer},
  title     = {Emerging risks from ballast water treatment: The run-up to the International Ballast Water Management Convention},
  journal   = {Chemosphere},
  year      = {2014},
  volume    = {112},
  pages     = {256--266},
  month     = {oct},
  doi       = {10.1016/j.chemosphere.2014.03.135},
  publisher = {Elsevier {BV}},
}

@Article{Efrat2017,
  author    = {Kalanit Efrat and Shaked Gilboa and Moshe Yonatany},
  title     = {When marketing and innovation interact: The case of born-global firms},
  journal   = {International Business Review},
  year      = {2017},
  volume    = {26},
  number    = {2},
  pages     = {380--390},
  month     = {apr},
  doi       = {10.1016/j.ibusrev.2016.09.006},
  publisher = {Elsevier {BV}},
}

@Article{Moen2002,
  author    = {{\O}ystein Moen},
  title     = {The Born Globals: A new generation of small European exporters},
  journal   = {International Marketing Review},
  year      = {2002},
  volume    = {19},
  number    = {2},
  pages     = {156--175},
  month     = {apr},
  doi       = {10.1108/02651330210425015},
  publisher = {Emerald},
}

@InProceedings{servantie2011and,
  author       = {Servantie, Vinciane},
  title        = {Why and how do Born Global firms internationalize early and rapidly? From the Business Model perspective},
  booktitle    = {ICSB World Conference Proceedings},
  year         = {2011},
  pages        = {1},
  organization = {International Council for Small business (ICSB)},
}

@Article{etemad2004,
  author        = {Etemad, Hamid},
  title         = {Internationalization of small and medium-sized enterprises: a grounded theoretical framework and an overview},
  journal       = {Canadian Journal of Administrative Sciences/Revue Canadienne des Sciences de l'Administration},
  year          = {2004},
  volume        = {21},
  number        = {1},
  pages         = {1--21},
  __markedentry = {[Lasse:]},
  publisher     = {Wiley Online Library},
}

@Book{stark2007,
  title         = {Global product: Strategy, product lifecycle management and the billion customer question},
  publisher     = {Springer Science \& Business Media},
  year          = {2007},
  author        = {Stark, John},
  __markedentry = {[Lasse:6]},
}

@Comment{jabref-meta: databaseType:bibtex;}
